%% FELthesis: LaTeX class for both bachelor, master, and phd thesis
%% template.bib: bibliography file (UTF-8 encoding for biber)
%% (c) 2012 Vit Zyka, vit.zyka at seznam.cz
%%
%% 2012-12-19 v0.1 first version

@ONLINE{ LatinModern,
  TITLE  = {{Latin Modern} font family},
  AUTHOR = {Jackowski, Bogus≈Çaw and Nowacki, Janusz M.},
  URL    = {http://oldwww.gust.org.pl/projects/e-foundry/latin-modern},
  URLDATE= {2012-12-13},
}

@ONLINE{ 1,
  TITLE  = {{Dynamic Difficulty} font family},
  AUTHOR = {TvTropes.org},
  URL    = {http://tvtropes.org/pmwiki/pmwiki.php/Main/DynamicDifficulty},
  URLDATE= {2013-02-16},
}

@ONLINE{ 2,
  TITLE  = {{A. I. Director} font family},
  AUTHOR = {GiantBomb.com},
  URL    = {http://www.giantbomb.com/ai-director/3015-2539/},
  URLDATE= {2013-02-16},
}

@ONLINE{ 3,
  TITLE  = {{Rockstar Game Tips: Difficulty Settings - Getting Started in Max Payne 3} font family},
  AUTHOR = {RocstarGames.com},
  URL    = {http://www.giantbomb.com/ai-director/3015-2539/},
  URLDATE= {2013-02-16},
}

@ONLINE{ 4,
  TITLE  = {{Good Idea, Bad Idea: Dynamic Difficulty Adjustment} font family},
  AUTHOR = {Tolentino, J.},
  URL    = {http://www.destructoid.com/good-idea-bad-idea-dynamic-difficulty-adjustment-70591.phtml},
  URLDATE= {2013-02-16},
}

@ONLINE{ 5,
  TITLE  = {{Game Changers: Dynamic Difficulty} font family},
  AUTHOR = {Saltsman, A.},
  URL    = {http://www.gamasutra.com/blogs/AdamSaltsman/20090507/1340/Game_Changers_Dynamic_Difficulty.php},
  URLDATE= {2013-02-16},
}

@ONLINE{ 6,
  TITLE  = {{The Evolution of the Beautiful Game} font family},
  AUTHOR = {Konami},
  URL    = {http://uk.games.konami-europe.com/news.do?idNews=251},
  URLDATE= {2013-02-16},
}

@ARTICLE{ 7,
  TITLE  = {Balancing Exertion Experiences},
  AUTHOR = {Mueller, F.},
	AUTHOR = {Vetere, F.},
	AUTHOR = {Gibbs, M.},
	AUTHOR = {Edge, D.},
	AUTHOR = {Agamanolis, S.},
	AUTHOR = {Sheridan, J.},
	AUTHOR = {Heer, J.},
  JOURNALTITLE  = {Movement-Based Gameplay},
  YEAR   = {2012},
}

@ARTICLE{ 8,
  TITLE  = {Motivating Elderly People to Exercise Using a Social Collaborative Exergame with Adaptive Difficulty},
  AUTHOR = {Cantwell, D.},
	AUTHOR = {Daire, B.},
	AUTHOR = {Palmer, R.},
	AUTHOR = {Doyle, G.},
	JOURNALTITLE  = {ECGBL},
  YEAR   = {2012},
}

@ARTICLE{ 9,
  TITLE  = {},
  AUTHOR = {},
  JOURNALTITLE  = {},
  YEAR   = {},
}

@ARTICLE{ 10aa,
  TITLE  = {},
  AUTHOR = {},
  JOURNALTITLE  = {},
  YEAR   = {},
%% Optional:
%% translator, annotator, commentator, subtitle, titleaddon, editor,
%% editora, editorb, editorc, journalsubtitle, issuetitle, issuesubtitle, language,
%% origlanguage, series, volume, number, eid, issue, month, pages, version, note, issn,
%% addendum, pubstate, doi, eprint, eprintclass, eprinttype, url, urldate, date
}

@BOOK{ 2a,
  TITLE  = {},
  AUTHOR = {},
  YEAR   = {},
%% Optional:
%% editor, editora, editorb, editorc, translator, annotator,
%% commentator, introduction, foreword, afterword, subtitle, titleaddon, maintitle,
%% mainsubtitle, maintitleaddon, language, origlanguage, volume, part, edition,
%% volumes, series, number, note, publisher, location, isbn, chapter, pages, pagetotal,
%% addendum, pubstate, doi, eprint, eprintclass, eprinttype, url, urldate, date
}

@MVBOOK{ 3a, % multi-volume book
  TITLE  = {},
  AUTHOR = {},
  YEAR   = {},
%% Optional:
%% editor, editora, editorb, editorc, translator, annotator,
%% commentator, introduction, foreword, afterword, subtitle, titleaddon, language,
%% origlanguage, edition, volumes, series, number, note, publisher, location, isbn,
%% pagetotal, addendum, pubstate, doi, eprint, eprintclass, eprinttype, url, urldate,
%% date
}

@INBOOK{ 4a, % part of a book
  TITLE  = {},
  AUTHOR = {},
  BOOKTITLE  = {},
  YEAR   = {},
%% Optional:
%% bookauthor, editor, editora, editorb, editorc, translator,
%% annotator, commentator, introduction, foreword, afterword, subtitle, titleaddon,
%% maintitle, mainsubtitle, maintitleaddon, booksubtitle, booktitleaddon, language,
%% origlanguage, volume, part, edition, volumes, series, number, note, publisher,
%% location, isbn, chapter, pages, addendum, pubstate, doi, eprint, eprintclass,
%% eprinttype, url, urldate, date
}

@BOOKINBOOK{ 5a, % book published inside another book
  TITLE  = {},
  AUTHOR = {},
  BOOKTITLE  = {},
  YEAR   = {},
%% Optional:
%% bookauthor, editor, editora, editorb, editorc, translator,
%% annotator, commentator, introduction, foreword, afterword, subtitle, titleaddon,
%% maintitle, mainsubtitle, maintitleaddon, booksubtitle, booktitleaddon, language,
%% origlanguage, volume, part, edition, volumes, series, number, note, publisher,
%% location, isbn, chapter, pages, addendum, pubstate, doi, eprint, eprintclass,
%% eprinttype, url, urldate, date
}

@SUPPBOOK{ 6a, % supplemental material in a book
  TITLE  = {},
  AUTHOR = {},
  BOOKTITLE  = {},
  YEAR   = {},
%% Optional:
%% bookauthor, editor, editora, editorb, editorc, translator,
%% annotator, commentator, introduction, foreword, afterword, subtitle, titleaddon,
%% maintitle, mainsubtitle, maintitleaddon, booksubtitle, booktitleaddon, language,
%% origlanguage, volume, part, edition, volumes, series, number, note, publisher,
%% location, isbn, chapter, pages, addendum, pubstate, doi, eprint, eprintclass,
%% eprinttype, url, urldate, date
}

@BOOKLET{ 7a, % book-like work without a formal publisher
  TITLE  = {},
  AUTHOR = {},
  YEAR   = {},
%% Optional:
%% subtitle, titleaddon, language, howpublished, type, note, location,
%% chapter, pages, pagetotal, addendum, pubstate, doi, eprint, eprintclass, eprinttype,
%% url, urldate, date
}

@COLLECTION{ 8a, % single-volume collection with multiple contributions by distinct authors
  TITLE  = {},
  EDITOR = {},
  YEAR   = {},
%% Optional:
%% editora, editorb, editorc, translator, annotator, commentator,
%% introduction, foreword, afterword, subtitle, titleaddon, maintitle, mainsubtitle,
%% maintitleaddon, language, origlanguage, volume, part, edition, volumes, series,
%% number, note, publisher, location, isbn, chapter, pages, pagetotal, addendum,
%% pubstate, doi, eprint, eprintclass, eprinttype, url, urldate, date
}

@MVCOLLECTION{ 9a, % multi-volume collection
  TITLE  = {},
  EDITOR = {},
  YEAR   = {},
%% Optional:
%% editora, editorb, editorc, translator, annotator, commentator,
%% introduction, foreword, afterword, subtitle, titleaddon, language, origlanguage,
%% edition, volumes, series, number, note, publisher, location, isbn, pagetotal,
%% addendum, pubstate, doi, eprint, eprintclass, eprinttype, url, urldate, date
}

@INCOLLECTION{ 10a, % contribution to the collection
  TITLE  = {},
  AUTHOR = {},
  BOOKTITLE  = {},
  EDITOR = {},
  YEAR   = {},
%% Optional:
%% editora, editorb, editorc, translator, annotator, commentator,
%% introduction, foreword, afterword, subtitle, titleaddon, maintitle, mainsubtitle,
%% maintitleaddon, booksubtitle, booktitleaddon, language, origlanguage, volume,
%% part, edition, volumes, series, number, note, publisher, location, isbn, chapter,
%% pages, addendum, pubstate, doi, eprint, eprintclass, eprinttype, url, urldate, date
}

@SUPPCOLLECTION{ 11a, % supplemental material to the collection
  TITLE  = {},
  AUTHOR = {},
  BOOKTITLE  = {},
  EDITOR = {},
  YEAR   = {},
%% Optional:
%% editora, editorb, editorc, translator, annotator, commentator,
%% introduction, foreword, afterword, subtitle, titleaddon, maintitle, mainsubtitle,
%% maintitleaddon, booksubtitle, booktitleaddon, language, origlanguage, volume,
%% part, edition, volumes, series, number, note, publisher, location, isbn, chapter,
%% pages, addendum, pubstate, doi, eprint, eprintclass, eprinttype, url, urldate, date
}

@MANUAL{ 12a, % (technical) documentation
  TITLE  = {},
  AUTHOR = {}, % or editor
  YEAR   = {},
%% Optional:
%% subtitle, titleaddon, language, edition, type, series, number,
%% version, note, organization, publisher, location, isbn, chapter, pages, pagetotal,
%% addendum, pubstate, doi, eprint, eprintclass, eprinttype, url, urldate, date
}

@MISC{ 13a, % any other
  TITLE  = {},
  AUTHOR = {}, % or editor
  YEAR   = {},
%% Omissible:
%% author, editor, year
%% Optional:
%% subtitle, titleaddon, language, howpublished, type, version, note,
%% organization, location, date, month, year, addendum, pubstate, doi, eprint,
%% eprintclass, eprinttype, url, urldate
}

@ONLINE{ 14a, % online resource
  TITLE  = {},
  AUTHOR = {}, % or editor
  YEAR   = {},
  URL    = {},
%% Omissible:
%% author, editor, year
%% Optional:
%% subtitle, titleaddon, language, version, note, organization, date,
%% month, year, addendum, pubstate, urldate
}

@PATENT{ 15a,
  TITLE  = {},
  AUTHOR = {},
  NUMBER = {},
  YEAR   = {},
%% Optional:
%% holder, subtitle, titleaddon, type, version, location, note, date,
%% month, year, addendum, pubstate, doi, eprint, eprintclass, eprinttype, url, urldate
}

@PERIODICAL{ 16a, % journal issue
  TITLE  = {},
  EDITOR = {},
  YEAR   = {},
%% Omissible:
%% editor
%% Optional:
%% editora, editorb, editorc, subtitle, issuetitle, issuesubtitle,
%% language, series, volume, number, issue, date, month, year, note, issn, addendum,
%% pubstate, doi, eprint, eprintclass, eprinttype, url, urldate
}

@SUPPPERIODICAL{ 17a, % supplemental material to the journal
  TITLE  = {},
  EDITOR = {},
  YEAR   = {},
%% Omissible:
%% editor
%% Optional:
%% author, translator, annotator, commentator, subtitle, titleaddon,
%% editora, editorb, editorc, journalsubtitle, issuetitle, issuesubtitle, language,
%% origlanguage, series, volume, number, eid, issue, month, pages, version, note, issn,
%% addendum, pubstate, doi, eprint, eprintclass, eprinttype, url, urldate, date
}

@PROCEEDINGS{ 18a, % single-volume conference proceedings
  TITLE  = {},
  EDITOR = {},
  YEAR   = {},
%% Omissible:
%% editor
%% Optional:
%% subtitle, titleaddon, maintitle, mainsubtitle, maintitleaddon,
%% eventtitle, eventdate, venue, language, volume, part, volumes, series, number, note,
%% organization, publisher, location, month, isbn, chapter, pages, pagetotal, addendum,
%% pubstate, doi, eprint, eprintclass, eprinttype, url, urldate, date
}

@MVPROCEEDINGS{ 19a, % multi-volume conference proceedings
  TITLE  = {},
  EDITOR = {},
  YEAR   = {},
%% Omissible:
%% editor
%% Optional:
%% subtitle, titleaddon, eventtitle, eventdate, venue, language,
%% volumes, series, number, note, organization, publisher, location, month, isbn,
%% pagetotal, addendum, pubstate, doi, eprint, eprintclass, eprinttype, url, urldate,
%% date
}

@INPROCEEDINGS{ 20a, % article in conference proceedings
  TITLE  = {},
  AUTHOR = {},
  BOOKTITLE  = {},
  EDITOR = {},
  YEAR   = {},
%% Optional:
%% subtitle, titleaddon, maintitle, mainsubtitle, maintitleaddon,
%% booksubtitle, booktitleaddon, eventtitle, eventdate, venue, language, volume, part,
%% volumes, series, number, note, organization, publisher, location, month, isbn,
%% chapter, pages, addendum, pubstate, doi, eprint, eprintclass, eprinttype, url,
%% urldate, date
}

@REFERENCE{ 21a, % single-volume reference work like encyclopedia or dictionary
  TITLE  = {},
  EDITOR = {},
  YEAR   = {},
%% Optional:
%% editora, editorb, editorc, translator, annotator, commentator,
%% introduction, foreword, afterword, subtitle, titleaddon, maintitle, mainsubtitle,
%% maintitleaddon, language, origlanguage, volume, part, edition, volumes, series,
%% number, note, publisher, location, isbn, chapter, pages, pagetotal, addendum,
%% pubstate, doi, eprint, eprintclass, eprinttype, url, urldate, date
}

@MVREFERENCE{ 22a, % multi-volume reference
  TITLE  = {},
  EDITOR = {},
  YEAR   = {},
%% Optional:
%% editora, editorb, editorc, translator, annotator, commentator,
%% introduction, foreword, afterword, subtitle, titleaddon, language, origlanguage,
%% edition, volumes, series, number, note, publisher, location, isbn, pagetotal,
%% addendum, pubstate, doi, eprint, eprintclass, eprinttype, url, urldate, date
}

@INREFERENCE{ 23a, % contribution to the reference
  TITLE  = {},
  AUTHOR = {},
  BOOKTITLE  = {},
  EDITOR = {},
  YEAR   = {},
%% Optional:
%% editora, editorb, editorc, translator, annotator, commentator,
%% introduction, foreword, afterword, subtitle, titleaddon, maintitle, mainsubtitle,
%% maintitleaddon, booksubtitle, booktitleaddon, language, origlanguage, volume,
%% part, edition, volumes, series, number, note, publisher, location, isbn, chapter,
%% pages, addendum, pubstate, doi, eprint, eprintclass, eprinttype, url, urldate, date
}

@REPORT{ 24a,
  TITLE  = {},
  AUTHOR = {},
  TYPE  = {},
  INSTITUTION = {},
  YEAR   = {},
%% Optional:
%% subtitle, titleaddon, language, number, version, note, location,
%% month, isrn, chapter, pages, pagetotal, addendum, pubstate, doi, eprint, eprintclass,
%% eprinttype, url, urldate, date
}

@THESIS{ 25a,
  TITLE  = {},
  AUTHOR = {},
  TYPE  = {},
  INSTITUTION = {},
  YEAR   = {},
%% Optional:
%% subtitle, titleaddon, language, note, location, month, isbn, chapter,
%% pages, pagetotal, addendum, pubstate, doi, eprint, eprintclass, eprinttype, url,
%% urldate, date
}

@UNPUBLISHED{ 26a,
  TITLE  = {},
  AUTHOR = {},
  YEAR   = {},
%% Optional:
%% subtitle, titleaddon, language, howpublished, note, location, isbn,
%% date, month, year, addendum, pubstate, url, urldate
}

\endinput
%%
%% End of file `template.bib'.
